@article{Agashe:2014yua,
      author         = "Agashe, Kaustubh and Cui, Yanou and Necib, Lina and
                        Thaler, Jesse",
      title          = "{(In)direct Detection of Boosted Dark Matter}",
      journal        = "JCAP",
      volume         = "1410",
      year           = "2014",
      number         = "10",
      pages          = "062",
      doi            = "10.1088/1475-7516/2014/10/062",
      eprint         = "1405.7370",
      archivePrefix  = "arXiv",
      primaryClass   = "hep-ph",
      reportNumber   = "MIT-CTP-4538, UMD-PP-014-005",
      SLACcitation   = "%%CITATION = ARXIV:1405.7370;%%"
}

@article{Cherry:2015gw,
author = {Cherry, John F and Frandsen, Mads T and Shoemaker, Ian M},
title = {{Direct Detection Phenomenology in Models Where the Products of Dark Matter Annihilation Interact with Nuclei}},
journal = {Physical Review Letters},
year = {2015},
volume = {114},
number = {23},
pages = {231303--6},
month = jun
}

@article{Bhattacharya:2014yha,
      author         = "Bhattacharya, Atri and Gandhi, Raj and Gupta, Aritra",
      title          = "{The Direct Detection of Boosted Dark Matter at High
                        Energies and PeV events at IceCube}",
      journal        = "JCAP",
      volume         = "1503",
      year           = "2015",
      number         = "03",
      pages          = "027",
      doi            = "10.1088/1475-7516/2015/03/027",
      eprint         = "1407.3280",
      archivePrefix  = "arXiv",
      primaryClass   = "hep-ph",
      reportNumber   = "FERMILAB-PUB-14-584-T",
      SLACcitation   = "%%CITATION = ARXIV:1407.3280;%%"
}

@article{Kopp:2015gp,
author = {Kopp, Joachim and Liu, Jia and Wang, Xiao-Ping},
title = {{Boosted dark matter in IceCube and at the galactic center}},
journal = {Journal of High Energy Physics},
year = {2015},
volume = {2015},
number = {4},
pages = {105--31},
month = apr
}

@article{Kong:2015jb,
author = {Kong, Kyoungchul and Mohlabeng, Gopolang and Park, Jong-Chul},
title = {{Boosted dark matter signals uplifted with self-interaction}},
journal = {Physics Letters B},
year = {2015},
volume = {743},
number = {C},
pages = {256--266},
month = apr
}

@article{Berger:2014hq,
author = {Berger, Joshua and Cui, Yahou and Zhao, Yue},
title = {{Detecting boosted dark matter from the Sun with large volume neutrino detectors}},
journal = {Journal of Cosmology and Astroparticle Physics},
year = {2014},
volume = {2014},
number = {10},
pages = {062--062},
month = oct
}





@article{Fogli:2002do,
author = {Fogli, G L and Lisi, E and Marrone, A and Montanino, D and Palazzo, A},
title = {{Getting the most from the statistical analysis of solar neutrino oscillations}},
journal = {Physical Review D},
year = {2002},
volume = {66},
number = {5},
pages = {053010--22},
month = sep
}

@article{Feldman:1998bu,
author = {Feldman, Gary J and Cousins, Robert D},
title = {{Unified approach to the classical statistical analysis of small signals}},
journal = {Physical Review D},
year = {1998},
volume = {57},
number = {7},
pages = {3873--3889},
month = apr
}

@article{Olive:2016xmw,
      author         = "Patrignani, C. and others",
      title          = "{Review of Particle Physics}",
      collaboration  = "Particle Data Group",
      journal        = "Chin. Phys.",
      volume         = "C40",
      year           = "2016",
      number         = "10",
      pages          = "100001",
      doi            = "10.1088/1674-1137/40/10/100001",
      SLACcitation   = "%%CITATION = CHPHD,C40,100001;%%"
}

@article{Yuksel:2007jx,
author = {Y{\"u}ksel, Hasan and Horiuchi, Shunsaku and Beacom, John F and Ando, Shin{\textquoteright}ichiro},
title = {{Neutrino constraints on the dark matter total annihilation cross section}},
journal = {Physical Review D},
year = {2007},
volume = {76},
number = {12},
pages = {123506--8},
month = dec
}

@article{Navarro:1996ce,
author = {Navarro, Julio F and Frenk, Carlos S and White, Simon D M},
title = {{The Structure of Cold Dark Matter Halos}},
journal = {The Astrophysical Journal},
year = {1996},
volume = {462},
pages = {563--13},
month = may
}

@article{Moore:1999kx,
author = {Moore, B and Quinn, T and Governato, F and Stadel, J and Lake, G},
title = {{Cold collapse and the core catastrophe}},
journal = {Monthly Notices of the Royal Astronomical Society},
year = {1999},
volume = {310},
number = {4},
pages = {1147--1152},
month = dec
}

@article{Kravtsov:1998it,
author = {Kravtsov, Andrey V and Klypin, Anatoly A and Bullock, James S and Primack, Joel R},
title = {{The Cores of Dark Matter{\textendash}Dominated Galaxies: Theory versus Observations}},
journal = {The Astrophysical Journal},
year = {1998},
volume = {502},
number = {1},
pages = {48--58},
month = jul
}


%%dark matter evidence papers
@article{Zwicky:1933gu,
      author         = "Zwicky, F.",
      title          = "{Die Rotverschiebung von extragalaktischen Nebeln}",
      journal        = "Helv. Phys. Acta",
      volume         = "6",
      year           = "1933",
      pages          = "110-127",
      doi            = "10.1007/s10714-008-0707-4",
      note           = "[Gen. Rel. Grav.41,207(2009)]",
      SLACcitation   = "%%CITATION = HPACA,6,110;%%"
}

@article{Rubin:1980dm,
author = {Rubin, V C and Thonnard, N and Ford, W K Jr},
title = {{Rotational properties of 21 SC galaxies with a large range of luminosities and radii, from NGC 4605 /R = 4kpc/ to UGC 2885 /R = 122 kpc/}},
journal = {The Astrophysical Journal},
year = {1980},
volume = {238},
pages = {471--20},
month = may
}

@article{Begeman:1991iy,
      author         = "Begeman, K. G. and Broeils, A. H. and Sanders, R. H.",
      title          = "{Extended rotation curves of spiral galaxies: Dark haloes
                        and modified dynamics}",
      journal        = "Mon. Not. Roy. Astron. Soc.",
      volume         = "249",
      year           = "1991",
      pages          = "523",
      SLACcitation   = "%%CITATION = MNRAA,249,523;%%"
}

@article{Blumenthal:1984eu,
author = {Blumenthal, George R and Faber, S M and Primack, Joel R and Rees, Martin J},
title = {{Formation of galaxies and large-scale structure with cold dark matter}},
journal = {Nature},
year = {1984},
volume = {311},
number = {5986},
pages = {517--525},
month = oct
}

%% Planck and WMAP

@article{PlanckCollaboration:2016cf,
author = {{Planck Collaboration} and Adam, R and Ade, P A R and Aghanim, N and Akrami, Y and Alves, M I R and Arg{\"u}eso, F and Arnaud, M and Arroja, F and Ashdown, M and Aumont, J and Baccigalupi, C and Ballardini, M and Banday, A J and Barreiro, R B and Bartlett, J G and Bartolo, N and Basak, S and Battaglia, P and Battaner, E and Battye, R and Benabed, K and Beno{\^\i}t, A and Benoit-L{\'e}vy, A and Bernard, J P and Bersanelli, M and Bertincourt, B and Bielewicz, P and Bikmaev, I and Bock, J J and B{\"o}hringer, H and Bonaldi, A and Bonavera, L and Bond, J R and Borrill, J and Bouchet, F R and Boulanger, F and Bucher, M and Burenin, R and Burigana, C and Butler, R C and Calabrese, E and Cardoso, J F and Carvalho, P and Casaponsa, B and Castex, G and Catalano, A and Challinor, A and Chamballu, A and Chary, R R and Chiang, H C and Chluba, J and Chon, G and Christensen, P R and Church, S and Clemens, M and Clements, D L and Colombi, S and Colombo, L P L and Combet, C and Comis, B and Contreras, D and Couchot, F and Coulais, A and Crill, B P and Cruz, M and Curto, A and Cuttaia, F and Danese, L and Davies, R D and Davis, R J and de Bernardis, P and de Rosa, A and de Zotti, G and Delabrouille, J and Delouis, J M and D{\'e}sert, F X and Di Valentino, E and Dickinson, C and Diego, J M and Dolag, K and Dole, H and Donzelli, S and Dor{\'e}, O and Douspis, M and Ducout, A and Dunkley, J and Dupac, X and Efstathiou, G and Eisenhardt, P R M and Elsner, F and En{\ss}lin, T A and Eriksen, H K and Falgarone, E and Fantaye, Y and Farhang, M and Feeney, S and Fergusson, J and Fernandez-Cobos, R and Feroz, F and Finelli, F and Florido, E and Forni, O and Frailis, M and Fraisse, A A and Franceschet, C and Franceschi, E and Frejsel, A and Frolov, A and Galeotta, S and Galli, S and Ganga, K and Gauthier, C and G{\'e}nova-Santos, R T and Gerbino, M and Ghosh, T and Giard, M and Giraud-H{\'e}raud, Y and Giusarma, E and Gjerl{\o}w, E and Gonz{\'a}lez-Nuevo, J and G{\'o}rski, K M and Grainge, K J B and Gratton, S and Gregorio, A and Gruppuso, A and Gudmundsson, J E and Hamann, J and Handley, W and Hansen, F K and Hanson, D and Harrison, D L and Heavens, A and Helou, G and Henrot-Versill{\'e}, S and Hern{\'a}ndez-Monteagudo, C and Herranz, D and Hildebrandt, S R and Hivon, E and Hobson, M and Holmes, W A and Hornstrup, A and Hovest, W and Huang, Z and Huffenberger, K M and Hurier, G and Ili{\'c}, S and Jaffe, A H and Jaffe, T R and Jin, T and Jones, W C and Juvela, M and Karakci, A and Keih{\"a}nen, E and Keskitalo, R and Khamitov, I and Kiiveri, K and Kim, J and Kisner, T S and Kneissl, R and Knoche, J and Knox, L and Krachmalnicoff, N and Kunz, M and Kurki-Suonio, H and Lacasa, F and Lagache, G and L{\"a}hteenm{\"a}ki, A and Lamarre, J M and Langer, M and Lasenby, A and Lattanzi, M and Lawrence, C R and Le Jeune, M and Leahy, J P and Lellouch, E and Leonardi, R and Le{\'o}n-Tavares, J and Lesgourgues, J and Levrier, F and Lewis, A and Liguori, M and Lilje, P B and Lilley, M and Linden-V{\o}rnle, M and Lindholm, V and Liu, H and L{\'o}pez-Caniego, M and Lubin, P M and Ma, Y Z and Mac{\'\i}as-P{\'e}rez, J F and Maggio, G and Maino, D and Mak, D S Y and Mandolesi, N and Mangilli, A and Marchini, A and Marcos-Caballero, A and Marinucci, D and Maris, M and Marshall, D J and Martin, P G and Martinelli, M and Mart{\'\i}nez-Gonz{\'a}lez, E and Masi, S and Matarrese, S and Mazzotta, P and McEwen, J D and McGehee, P and Mei, S and Meinhold, P R and Melchiorri, A and Melin, J B and Mendes, L and Mennella, A and Migliaccio, M and Mikkelsen, K and Millea, M and Mitra, S and Miville-Desch{\^e}nes, M A and Molinari, D and Moneti, A and Montier, L and Moreno, R and Morgante, G and Mortlock, D and Moss, A and Mottet, S and M{\"u}nchmeyer, M and Munshi, D and Murphy, J A and Narimani, A and Naselsky, P and Nastasi, A and Nati, F and Natoli, P and Negrello, M and Netterfield, C B and N{\o}rgaard-Nielsen, H U and Noviello, F and Novikov, D and Novikov, I and Olamaie, M and Oppermann, N and Orlando, E and Oxborrow, C A and Paci, F and Pagano, L and Pajot, F and Paladini, R and Pandolfi, S and Paoletti, D and Partridge, B and Pasian, F and Patanchon, G and Pearson, T J and Peel, M and Peiris, H V and Pelkonen, V M and Perdereau, O and Perotto, L and Perrott, Y C and Perrotta, F and Pettorino, V and Piacentini, F and Piat, M and Pierpaoli, E and Pietrobon, D and Plaszczynski, S and Pogosyan, D and Pointecouteau, E and Polenta, G and Popa, L and Pratt, G W and Pr{\'e}zeau, G and Prunet, S and Puget, J L and Rachen, J P and Racine, B and Reach, W T and Rebolo, R and Reinecke, M and Remazeilles, M and Renault, C and Renzi, A and Ristorcelli, I and Rocha, G and Roman, M and Romelli, E and Rosset, C and Rossetti, M and...},
title = {{Planck2015 results}},
journal = {Astronomy {\&} Astrophysics},
year = {2016},
volume = {594},
pages = {A1--38},
month = sep
}

@article{Hinshaw:2013dd,
author = {Hinshaw, G and Larson, D and Komatsu, E and Spergel, D N and Bennett, C L and Dunkley, J and Nolta, M R and Halpern, M and Hill, R S and Odegard, N and Page, L and Smith, K M and Weiland, J L and Gold, B and Jarosik, N and Kogut, A and Limon, M and Meyer, S S and Tucker, G S and Wollack, E and Wright, E L},
title = {{NINE-YEAR WILKINSON MICROWAVE ANISOTROPY PROBE( WMAP) OBSERVATIONS: COSMOLOGICAL PARAMETER RESULTS}},
journal = {The Astrophysical Journal Supplement Series},
year = {2013},
volume = {208},
number = {2},
pages = {19--25},
month = oct
}

%%WIMP direct detection
@article{Collaboration:2013vx,
author = {Collaboration, LUX and Akerib, D S and Araujo, H M and Bai, X and Bailey, A J and Balajthy, J and Bedikian, S and Bernard, E and Bernstein, A and Bolozdynya, A and Bradley, A and Byram, D and Cahn, S B and Carmona-Benitez, M C and Chan, C and Chapman, J J and Chiller, A A and Chiller, C and Clark, K and Coffey, T and Currie, A and Curioni, A and Dazeley, S and de Viveiros, L and Dobi, A and Dobson, J and Dragowsky, E M and Druszkiewicz, E and Edwards, B and Faham, C H and Fiorucci, S and Flores, C and Gaitskell, R J and Gehman, V M and Ghag, C and Gibson, K R and Gilchriese, M G D and Hall, C and Hanhardt, M and Hertel, S A and Horn, M and Huang, D Q and Ihm, M and Jacobsen, R G and Kastens, L and Kazkaz, K and Knoche, R and Kyre, S and Lander, R and Larsen, N A and Lee, C and Leonard, D S and Lesko, K T and Lindote, A and Lopes, M I and Lyashenko, A and Malling, D C and Mannino, R and McKinsey, D N and Mei, D M and Mock, J and Moongweluwan, M and Morad, J and Morii, M and Murphy, A St J and Nehrkorn, C and Nelson, H and Neves, F and Nikkel, J A and Ott, R A and Pangilinan, M and Parker, P D and Pease, E K and Pech, K and Phelps, P and Reichhart, L and Shutt, T and Silva, C and Skulski, W and Sofka, C J and Solovov, V N and Sorensen, P and Stiegler, T and Sullivan, K O and Sumner, T J and Svoboda, R and Sweany, M and Szydagis, M and Taylor, D and Tennyson, B and Tiedt, D R and Tripathi, M and Uvarov, S and Verbus, J R and Walsh, N and Webb, R and White, J T and White, D and Witherell, M S and Wlasenko, M and Wolfs, F L H and Woods, M and Zhang, C},
title = {{First results from the LUX dark matter experiment at the Sanford Underground Research Facility}},
journal = {arXiv.org},
year = {2013},
eprint = {1310.8214v2},
eprinttype = {arxiv},
eprintclass = {astro-ph.CO},
month = oct
}

@article{TheCDMSIICollaboration:2010dr,
author = {{The CDMS II Collaboration}},
title = {{Dark Matter Search Results from the CDMS II Experiment}},
journal = {Science},
year = {2010},
volume = {327},
number = {5973},
pages = {1619--1621},
month = mar
}

@article{Aprile:2012kx,
author = {Aprile, E and Alfonsi, M and Arisaka, K and Arneodo, F and Balan, C and Baudis, L and Bauermeister, B and Behrens, A and Beltrame, P and Bokeloh, K and Brown, E and Bruno, G and Budnik, R and Cardoso, J M R and Chen, W T and Choi, B and Cline, D and Colijn, A P and Contreras, H and Cussonneau, J P and Decowski, M P and Duchovni, E and Fattori, S and Ferella, A D and Fulgione, W and Gao, F and Garbini, M and Ghag, C and Giboni, K L and Goetzke, L W and Grignon, C and Gross, E and Hampel, W and Kaether, F and Kish, A and Lamblin, J and Landsman, H and Lang, R F and Le Calloch, M and Levy, C and Lim, K E and Lin, Q and Lindemann, S and Lindner, M and Lopes, J A M and Lung, K and Marrod{\'a}n Undagoitia, T and Massoli, F V and Melgarejo Fernandez, A J and Meng, Y and Molinario, A and Nativ, E and Ni, K and Oberlack, U and Orrigo, S E A and Pantic, E and Persiani, R and Plante, G and Priel, N and Rizzo, A and Rosendahl, S and dos Santos, J M F and Sartorelli, G and Schreiner, J and Schumann, M and Scotto Lavina, L and Scovell, P R and Selvi, M and Shagin, P and Simgen, H and Teymourian, A and Thers, D and Vitells, O and Wang, H and Weber, M and Weinheimer, C and {XENON100 Collaboration}},
title = {{Dark Matter Results from 225 Live Days of XENON100 Data}},
journal = {Physical Review Letters},
year = {2012},
volume = {109},
number = {18},
pages = {181301--6},
month = nov
}

@article{Desai:2004pq,
      author         = "Desai, S. and others",
      title          = "{Search for dark matter WIMPs using upward through-going
                        muons in Super-Kamiokande}",
      collaboration  = "Super-Kamiokande",
      journal        = "Phys. Rev.",
      volume         = "D70",
      year           = "2004",
      pages          = "083523",
      doi            = "10.1103/PhysRevD.70.083523, 10.1103/PhysRevD.70.109901",
      note           = "[Erratum: Phys. Rev.D70,109901(2004)]",
      eprint         = "hep-ex/0404025",
      archivePrefix  = "arXiv",
      primaryClass   = "hep-ex",
      SLACcitation   = "%%CITATION = HEP-EX/0404025;%%"
}

@article{Rameez:2015nvz,
      author         = "Rameez, Mohamed and Montaruli, T.",
      title          = "{Search for Dark Matter annihilations in the Sun using
                        the completed IceCube neutrino telescope}",
      booktitle      = "{Proceedings, 34th International Cosmic Ray Conference
                        (ICRC 2015): The Hague, The Netherlands, July 30-August 6,
                        2015}",
      collaboration  = "IceCube",
      journal        = "PoS",
      volume         = "ICRC2015",
      year           = "2016",
      pages          = "1209",
      SLACcitation   = "%%CITATION = POSCI,ICRC2015,1209;%%"
}

@article{Adrian-Martinez:2013ayv,
      author         = "Adrian-Martinez, S. and others",
      title          = "{First results on dark matter annihilation in the Sun
                        using the ANTARES neutrino telescope}",
      collaboration  = "ANTARES",
      journal        = "JCAP",
      volume         = "1311",
      year           = "2013",
      pages          = "032",
      doi            = "10.1088/1475-7516/2013/11/032",
      eprint         = "1302.6516",
      archivePrefix  = "arXiv",
      primaryClass   = "astro-ph.HE",
      SLACcitation   = "%%CITATION = ARXIV:1302.6516;%%"
}


@article{Khachatryan:2014rra,
      author         = "Khachatryan, Vardan and others",
      title          = "{Search for dark matter, extra dimensions, and
                        unparticles in monojet events in proton–proton
                        collisions at $\sqrt{s} = 8$ TeV}",
      collaboration  = "CMS",
      journal        = "Eur. Phys. J.",
      volume         = "C75",
      year           = "2015",
      number         = "5",
      pages          = "235",
      doi            = "10.1140/epjc/s10052-015-3451-4",
      eprint         = "1408.3583",
      archivePrefix  = "arXiv",
      primaryClass   = "hep-ex",
      reportNumber   = "CMS-EXO-12-048, CERN-PH-EP-2014-164",
      SLACcitation   = "%%CITATION = ARXIV:1408.3583;%%"
}

@article{Aad:2015zva,
      author         = "Aad, Georges and others",
      title          = "{Search for new phenomena in final states with an
                        energetic jet and large missing transverse momentum in pp
                        collisions at $\sqrt{s}=$8 TeV with the ATLAS detector}",
      collaboration  = "ATLAS",
      journal        = "Eur. Phys. J.",
      volume         = "C75",
      year           = "2015",
      number         = "7",
      pages          = "299",
      doi            = "10.1140/epjc/s10052-015-3517-3,
                        10.1140/epjc/s10052-015-3639-7",
      note           = "[Erratum: Eur. Phys. J.C75,no.9,408(2015)]",
      eprint         = "1502.01518",
      archivePrefix  = "arXiv",
      primaryClass   = "hep-ex",
      reportNumber   = "CERN-PH-EP-2014-299",
      SLACcitation   = "%%CITATION = ARXIV:1502.01518;%%"
}

@article{Goodman:2010ku,
      author         = "Goodman, Jessica and Ibe, Masahiro and Rajaraman, Arvind
                        and Shepherd, William and Tait, Tim M. P. and Yu, Hai-Bo",
      title          = "{Constraints on Dark Matter from Colliders}",
      journal        = "Phys. Rev.",
      volume         = "D82",
      year           = "2010",
      pages          = "116010",
      doi            = "10.1103/PhysRevD.82.116010",
      eprint         = "1008.1783",
      archivePrefix  = "arXiv",
      primaryClass   = "hep-ph",
      reportNumber   = "UCI-HEP-TR-2010-15",
      SLACcitation   = "%%CITATION = ARXIV:1008.1783;%%"
}








